@book{imaiQuantitativeSocialScience2022,
  title = {Quantitative {{Social Science}}: {{An Introduction}} in {{Tidyverse}}},
  author = {Imai, Kosuke and Williams, Nora Webb},
  date = {2022},
  publisher = {{Princeton University Press}},
  isbn = {0-691-22229-0}
}

@book{wickhamAdvanced2019,
  title = {Advanced r},
  author = {Wickham, Hadley},
  date = {2019},
  publisher = {{CRC press}},
  isbn = {1-351-20129-8}
}

@book{wickhamDataScienceImport2016,
  title = {R for Data Science: Import, Tidy, Transform, Visualize, and Model Data},
  shorttitle = {R for Data Science},
  author = {Wickham, Hadley and Grolemund, Garrett},
  date = {2016},
  edition = {First edition},
  publisher = {{O'Reilly}},
  location = {{Sebastopol, CA}},
  abstract = {"This book introduces you to R, RStudio, and the tidyverse, a collection of R packages designed to work together to make data science fast, fluent, and fun. Suitable for readers with no previous programming experience"--},
  isbn = {978-1-4919-1039-9 978-1-4919-1036-8},
  pagetotal = {492},
  keywords = {Big data,Computer programs,Data mining,Databases,Electronic data processing,Information visualization,R (Computer program language),Statistics},
  annotation = {OCLC: ocn968213225}
}
